@article{armstrong1993concurrent,
  title={Concurrent programming in ERLANG},
  author={Armstrong, Joe and Virding, Robert and Wikstr{\"o}m, Claes and Williams, Mike},
  year={1993},
  publisher={Citeseer}
}

@article{chechina2017evaluating,
  title={Evaluating scalable distributed Erlang for scalability and reliability},
  author={Chechina, Natalia and MacKenzie, Kenneth and Thompson, Simon and Trinder, Phil and Boudeville, Olivier and F{\"o}rd{\H{o}}s, Vikt{\'o}ria and Hoch, Csaba and Ghaffari, Amir and Hernandez, Mario Moro},
  journal={IEEE Transactions on Parallel and Distributed Systems},
  volume={28},
  number={8},
  pages={2244--2257},
  year={2017},
  publisher={IEEE}
}

@book{armstrong2013programming,
  title={Programming Erlang: software for a concurrent world},
  author={Armstrong, Joe},
  year={2013},
  publisher={Pragmatic Bookshelf}
}

@incollection{viterbi2010erlang,
  title={Erlang capacity of a power controlled CDMA system},
  author={Viterbi, Audrey M and Viterbi, Andrew J},
  booktitle={The Foundations Of The Digital Wireless World: Selected Works of AJ Viterbi},
  pages={139--147},
  year={2010},
  publisher={World Scientific}
}

@article{bennett2012chaos,
  title={Chaos monkey released into the wild},
  author={Bennett, Cory and Tseitlin, Ariel},
  journal={Netflix Tech Blog},
  volume={30},
  year={2012}
}